<record><leader>00000cas a22000007a 4500</leader><controlfield tag="001">23459456</controlfield><controlfield tag="008">910412d19271964coucr ne      0    0eng d</controlfield><datafield ind1=" " ind2=" " tag="010"><subfield code="a">sn 91052494 </subfield></datafield><datafield ind1=" " ind2=" " tag="040"><subfield code="a">CNQ</subfield><subfield code="b">eng</subfield><subfield code="c">CNQ</subfield><subfield code="d">OCLCQ</subfield><subfield code="d">COD</subfield></datafield><datafield ind1=" " ind2=" " tag="042"><subfield code="a">msc</subfield></datafield><datafield ind1="0" ind2=" " tag="130"><subfield code="a">Salida record (Salida, Colo. : 1927)</subfield></datafield><datafield ind1="1" ind2="4" tag="245"><subfield code="a">The Salida record.</subfield></datafield><datafield ind1="3" ind2="0" tag="246"><subfield code="a">Chaffee County the Salida record</subfield></datafield><datafield ind1=" " ind2=" " tag="260"><subfield code="a">Salida, Colo. :</subfield><subfield code="b">F.G. Hedges</subfield></datafield><datafield ind1=" " ind2=" " tag="300"><subfield code="a">v.</subfield></datafield><datafield ind1=" " ind2=" " tag="310"><subfield code="a">Semiweekly (Tuesdays and Fridays)</subfield></datafield><datafield ind1="1" ind2=" " tag="362"><subfield code="a">Began with vol. 34, no. 82 (Jan. 4, 1927).</subfield></datafield><datafield ind1="1" ind2=" " tag="362"><subfield code="a">Ceased in 1964?</subfield><subfield code="z">Oehlert's Guide to Colorado Newspapers</subfield></datafield><datafield ind1=" " ind2=" " tag="500"><subfield code="a">Published as: Chaffee County the Salida record, May 10, 1932-Mar. 14, 1933.</subfield></datafield><datafield ind1=" " ind2=" " tag="515"><subfield code="a">Vol. 66, no. 59-v. 66, no. 85 also published as Salida daily mail-record vol. 13, no. 4 (June 1, 1948)-v. 13, no. 82 (Sept. 7, 1948).</subfield></datafield><datafield ind1=" " ind2=" " tag="580"><subfield code="a">Published concurrently with the Salida daily mail-record, following the purchase of the Salida daily mail by the owner of the Salida record, effective June 1, 1948.</subfield></datafield><datafield ind1=" " ind2=" " tag="752"><subfield code="a">United States</subfield><subfield code="b">Colorado</subfield><subfield code="c">Chaffee</subfield><subfield code="d">Salida.</subfield></datafield><datafield ind1="0" ind2="0" tag="780"><subfield code="t">Salida, Colorado, record</subfield><subfield code="w">(DLC)sn 91052493</subfield><subfield code="w">(OCoLC)23459379</subfield></datafield><datafield ind1="0" ind2=" " tag="787"><subfield code="t">Salida daily mail-record</subfield><subfield code="w">(DLC)sn 89052313</subfield><subfield code="w">(OCoLC)20716544</subfield></datafield></record>